<?xml version="1.0" encoding="UTF-8"?><collection xmlns="http://www.loc.gov/MARC21/slim"><record><leader>00389nam--2200157-i-4500</leader><controlfield tag="001">000046747</controlfield><controlfield tag="002">20161230</controlfield><controlfield tag="005">20170129003441</controlfield><controlfield tag="008">060222s1000------------r-----000-0-eng-d</controlfield><datafield ind1=" " ind2=" " tag="100"><subfield code="a">Wagner, R. B</subfield></datafield><datafield ind1=" " ind2=" " tag="245"><subfield code="a">Synthetic organic chemistry</subfield></datafield><datafield ind1=" " ind2=" " tag="260"><subfield code="a">New York</subfield><subfield code="b">John Wiley &amp; Sons, Inc</subfield><subfield code="c">1956</subfield></datafield><datafield ind1=" " ind2=" " tag="300"><subfield code="a">XII+887p</subfield></datafield><datafield ind1=" " ind2=" " tag="700"><subfield code="a">Zook, H. D</subfield></datafield><datafield ind1=" " ind2=" " tag="852"><subfield code="a">14538</subfield></datafield><datafield ind1=" " ind2=" " tag="CAT"><subfield code="a">SYS</subfield><subfield code="c">20170129</subfield><subfield code="h">003441</subfield></datafield></record></collection>